@article{ref1,
    author  = "BlackBoard I3GFV",
    title   = "Control Theory",
    year    = "2018",
    journal = "Lab 4",
    pages   = "2"
}

@online{gherkin,
    author = "behat community",
    title = "writing features - gherkin language",
    year = "20/02/2019",
    url = "http://docs.behat.org/en/v2.5/guides/1.gherkin.html"
}

@online{WebFormsvsMVC,
    author = "Segue Technologies",
    title = ".NET Web Forms vs. MVC: Which is Better?",
    year = "02/03/2019",
    url = "https://www.seguetech.com/net-web-forms-vs-mvc/"
}

@online{DifferenceBetweenWebFormsvsMVC,
    author = "Kishan Choudhary",
    title = "Difference Between MVC And Web Forms",
    year = "02/03/2019",
    url = "https://www.c-sharpcorner.com/article/difference-between-mvc-and-web-forms/"
}