@article{ref1,
    author  = "BlackBoard I3GFV",
    title   = "Control Theory",
    year    = "2018",
    journal = "Lab 4",
    pages   = "2"
}